@book{rodger2008design,
  title={Design theory},
  author={Rodger, Christopher A and Lindner, Charles C},
  year={2008},
  publisher={Chapman and Hall/CRC}
}
